%% This is a collection of stubs of the most frequently used bibtex entries
% %% with the required fields. Please refer to BibTeX/BibLaTeX docs for
% %% additional details.
% %% http://biblatex-biber.sourceforge.net/

@inproceedings{haphiz,
  title     = {Генератор случайных программ как инструмент обучения программированию},
  author    = {Хафизова, А and Заславский, М},
  booktitle = {СБОРНИК ДОКЛАДОВ СТУДЕНТОВ И АСПИРАНТОВ НА КОНФЕРЕНЦИИ ПРОФЕССОРСКО-ПРЕПОДАВАТЕЛЬСКОГО СОСТАВА},
  pages     = {191},
  year      = {2019}
}

@article{pg-eli,
  title     = {Automated C++ Program Generator using English Language Interface},
  author    = {Kumar, Ambuj and Saroj Kaushik},
  publisher = {Citeseer}
}

@article{acg-2021,
  author  = {S. Patade and P. Patil and A. Kamble and M. Patil},
  title   = {AUTOMATIC CODE GENERATION FOR C AND C++ PROGRAMMING},
  journal = {IRJET},
  volume  = {08},
  issue   = {05},
  pages   = {4732--4736},
  year    = {2021}
}

@misc{csmith,
  author       = {Xuejun Yang and Yang Chen and Eric Eide and John Regehr},
  title        = {Csmith},
  howpublished = {\url{https://embed.cs.utah.edu/csmith/}},
  note         = {(дата обр. 28.04.2022)}
}

@inproceedings{ldrgen,
  title        = {Liveness-driven random program generation},
  author       = {Barany, Gerg{\"o}},
  booktitle    = {International Symposium on Logic-Based Program Synthesis and Transformation},
  pages        = {112--127},
  year         = {2017},
  organization = {Springer}
}

@misc{yarpgen,
  author       = {Intel},
  title        = {Yarpgen},
  howpublished = {\url{https://github.com/intel/yarpgen}},
  note         = {(дата обр. 28.04.2022)}
}

@inproceedings{deepsmith,
  title     = {Compiler fuzzing through deep learning},
  author    = {Cummins, Chris and Petoumenos, Pavlos and Murray, Alastair and Leather, Hugh},
  booktitle = {Proceedings of the 27th ACM SIGSOFT International Symposium on Software Testing and Analysis},
  pages     = {95--105},
  year      = {2018}
}

@misc{sl,
  author       = {Ariel Baruch},
  title        = {SL Random Program Generator},
  howpublished = {\url{https://www.cs.bgu.ac.il/~arielbar/sl/#/code}},
  note         = {(дата обр. 28.04.2022)}
}

@misc{pyfuzz,
  author       = {Steven Myint},
  title        = {pyfuzz},
  howpublished = {\url{https://github.com/myint/pyfuzz}},
  note         = {(дата обр. 28.04.2022)}
}

@misc{pyfuzz-web,
  author       = {Steven Myint},
  title        = {Random Python Program Generator},
  howpublished = {\url{https://www.4geeks.de/cgi-bin/webgen.py}},
  note         = {(дата обр. 28.04.2022)}
}

@book{kotlin,
  author    = {Jemerov D. and Isakova S.},
  editor    = {},
  publisher = {Manning Publications Company},
  title     = {Kotlin in action},
  year      = {2017}
}

@misc{gradle,
  author       = {Gradle Inc.},
  howpublished = {\url{https://docs.gradle.org/current/userguide/userguide.html}},
  title        = {Gradle User Manual},
  note         = {Version 7.4.2},
  year         = {2022},
  note         = {(дата обр. 30.04.2022)}
}

@misc{ktor,
  author       = {JetBrains},
  howpublished = {\url{https://ktor.io/}},
  title        = {Ktor},
  year         = {},
  note         = {(дата обр. 30.04.2022)}
}

@book{git,
  author    = {Scott Chacon and  Ben Straub},
  editor    = {},
  publisher = {apress},
  title     = {Pro Git},
  year      = {2014}
}

@misc{github,
  author       = {},
  howpublished = {\url{https://github.com/}},
  title        = {GitHub},
  year         = {},
  note         = {(дата обр. 30.04.2022)}
}

@misc{repo,
  author       = {OSLL and Nikita Bosov},
  howpublished = {\url{https://github.com/OSLL/bsc_bosov}},
  title        = {bsc\_bosov},
  year         = {2022},
  note         = {(дата обр. 30.04.2022)}
}

@misc{docker,
  author       = {},
  howpublished = {\url{https://www.docker.com/}},
  title        = {Docker},
  year         = {},
  note         = {(дата обр. 30.04.2022)}
}

@misc{docker-compose,
  author       = {},
  howpublished = {\url{https://docs.docker.com/compose/}},
  title        = {docker-compose},
  year         = {},
  note         = {(дата обр. 30.04.2022)}
}

@misc{imageio,
  author       = {Oracle},
  howpublished = {\url{https://docs.oracle.com/en/java/javase/11/docs/api/java.desktop/javax/imageio/ImageIO.html}},
  title        = {javax.imageio},
  year         = {},
  note         = {(дата обр. 30.04.2022)}
}